<?xml version="1.0" encoding="UTF-8"?><record xmlns="http://www.loc.gov/MARC21/slim" xmlns:cinclude="http://apache.org/cocoon/include/1.0" xmlns:zs="http://www.loc.gov/zing/srw/">
  <leader>00481nz  a2200145n  4500</leader>
  <controlfield tag="001">nb2011011277</controlfield>
  <controlfield tag="003">DLC</controlfield>
  <controlfield tag="005">20110502130116.0</controlfield>
  <controlfield tag="008">110428n| acannaabn          |a aaa      </controlfield>
  <datafield tag="010" ind1=" " ind2=" ">
    <subfield code="a">nb2011011277</subfield>
  </datafield>
  <datafield tag="035" ind1=" " ind2=" ">
    <subfield code="a">(Uk)008124844</subfield>
  </datafield>
  <datafield tag="040" ind1=" " ind2=" ">
    <subfield code="a">Uk</subfield>
    <subfield code="b">eng</subfield>
    <subfield code="c">Uk</subfield>
  </datafield>
  <datafield tag="100" ind1="1" ind2=" ">
    <subfield code="a">Singh, Jagdamba</subfield>
  </datafield>
  <datafield tag="400" ind1="0" ind2=" ">
    <subfield code="a">Jagdamba Singh</subfield>
  </datafield>
  <datafield tag="670" ind1=" " ind2=" ">
    <subfield code="a">Photochemistry and pericyclic reactions, c2010:</subfield>
    <subfield code="b">t.p. (Jagdamba Singh, M.Sc., D.Phil., Professor, Department of Chemistry, University of Allahabad, Allahabad, India)</subfield>
  </datafield>
</record>